
@article{vanderweele_interaction_2019,
	title = {The {Interaction} {Continuum}},
	volume = {30},
	issn = {1044-3983},
	doi = {10.1097/EDE.0000000000001054},
	language = {en-US},
	number = {5},
	journal = {Epidemiology},
	author = {VanderWeele, Tyler J.},
	month = sep,
	year = {2019},
	pages = {648--658},
}
@article{hernan2019second,
  title={A second chance to get causal inference right: a classification of data science tasks},
  author={Hern{\'a}n, Miguel A and Hsu, John and Healy, Brian},
  journal={Chance},
  volume={32},
  number={1},
  pages={42--49},
  year={2019},
  publisher={Taylor \& Francis}
}
@article{mathur2018r,
  title={R function for additive interaction measures},
  author={Mathur, Maya B and VanderWeele, Tyler J},
  journal={Epidemiology (Cambridge, Mass.)},
  volume={29},
  number={1},
  pages={e5},
  year={2018},
  publisher={NIH Public Access}
}

@article{corraini_effect_2017,
	title = {Effect modification, interaction and mediation: an overview of theoretical insights for clinical investigators},
	volume = {9},
	issn = {1179-1349},
	shorttitle = {Effect modification, interaction and mediation},
	doi = {10.2147/CLEP.S129728},
	journal = {Clinical Epidemiology},
	author = {Corraini, Priscila and Olsen, Morten and Pedersen, Lars and Dekkers, Olaf M and Vandenbroucke, Jan P},
	month = jun,
	year = {2017},
	pmid = {28652815},
	pmcid = {PMC5476432},
	pages = {331--338},
}

@article{vanderweele_tutorial_2014,
	title = {A {Tutorial} on {Interaction}},
	volume = {3},
	issn = {2161-962X},
	doi = {10.1515/em-2013-0005},
	language = {en},
	number = {1},
	journal = {Epidemiologic Methods},
	author = {VanderWeele, Tyler J. and Knol, Mirjam J.},
	month = dec,
	year = {2014},
	note = {Publisher: De Gruyter},
	keywords = {confounding, effect modification, interaction, moderation, synergism},
	pages = {33--72},
}


@article{vanderweele_unification_2014,
	title = {A unification of mediation and interaction: a 4-way decomposition},
	volume = {25},
	issn = {1531-5487},
	doi = {10.1097/EDE.0000000000000121},
	language = {eng},
	number = {5},
	journal = {Epidemiology (Cambridge, Mass.)},
	author = {VanderWeele, Tyler J.},
	month = sep,
	year = {2014},
	pmid = {25000145},
	pmcid = {PMC4220271},
	pages = {749--761},
}

@article{vanderweele_three-way_2013,
	title = {A {Three}-way {Decomposition} of a {Total} {Effect} into {Direct}, {Indirect}, and {Interactive} {Effects}},
	volume = {24},
	issn = {1044-3983},
	doi = {10.1097/EDE.0b013e318281a64e},
	language = {en-US},
	number = {2},
	journal = {Epidemiology},
	author = {VanderWeele, Tyler J.},
	month = mar,
	year = {2013},
	pages = {224--232},
}


@article{knol_recommendations_2012,
	title = {Recommendations for presenting analyses of effect modification and interaction},
	volume = {41},
	issn = {1464-3685},
	doi = {10.1093/ije/dyr218},
	language = {eng},
	number = {2},
	journal = {International Journal of Epidemiology},
	author = {Knol, Mirjam J. and VanderWeele, Tyler J.},
	month = apr,
	year = {2012},
	pmid = {22253321},
	pmcid = {PMC3324457},
	keywords = {Humans, Causality, Models, Statistical, Effect Modifier, Epidemiologic, Risk Factors, Epidemiologic Studies},
	pages = {514--520},
}

@article{vanderweele_distinction_2009,
	title = {On the distinction between interaction and effect modification},
	volume = {20},
	issn = {1531-5487},
	doi = {10.1097/EDE.0b013e3181ba333c},
	language = {eng},
	number = {6},
	journal = {Epidemiology (Cambridge, Mass.)},
	author = {VanderWeele, Tyler J.},
	month = nov,
	year = {2009},
	pmid = {19806059},
	pages = {863--871},
}

@article{knol_when_2009,
	title = {When one depends on the other: reporting of interaction in case-control and cohort studies},
	volume = {20},
	issn = {1531-5487},
	shorttitle = {When one depends on the other},
	language = {eng},
	number = {2},
	journal = {Epidemiology (Cambridge, Mass.)},
	author = {Knol, Mirjam J. and Egger, Matthias and Scott, Pippa and Geerlings, Mirjam I. and Vandenbroucke, Jan P.},
	month = mar,
	year = {2009},
	pmid = {19034025},
	keywords = {Causality, Case-Control Studies, Epidemiologic Studies, Cohort Studies, Bibliometrics},
	pages = {161--166},
}
@article{vanderweele_four_2007,
	title = {Four types of effect modification: a classification based on directed acyclic graphs},
	volume = {18},
	issn = {1044-3983},
	shorttitle = {Four types of effect modification},
	doi = {10.1097/EDE.0b013e318127181b},
	language = {eng},
	number = {5},
	journal = {Epidemiology (Cambridge, Mass.)},
	author = {VanderWeele, Tyler J. and Robins, James M.},
	month = sep,
	year = {2007},
	pmid = {17700242},
	pages = {561--568},
}


